<?xml version="1.0" encoding="UTF-8"?><collection xmlns="http://www.loc.gov/MARC21/slim"><record><leader>00369nam--2200145-i-4500</leader><controlfield tag="001">000020652</controlfield><controlfield tag="002">20161230</controlfield><controlfield tag="005">20161230201033</controlfield><controlfield tag="008">060222s1000------------r-----000-0-eng-d</controlfield><datafield ind1=" " ind2=" " tag="080"><subfield code="a">51</subfield></datafield><datafield ind1=" " ind2=" " tag="100"><subfield code="a">Krupka, Demeter</subfield></datafield><datafield ind1=" " ind2=" " tag="245"><subfield code="a">Lectures on variational sequences</subfield></datafield><datafield ind1=" " ind2=" " tag="260"><subfield code="a">Opava, Czech Republicl, 1995. 86 P</subfield></datafield><datafield ind1=" " ind2=" " tag="490"><subfield code="a">Advanced Texts In Mathematics</subfield></datafield><datafield ind1=" " ind2=" " tag="852"><subfield code="a">80540</subfield></datafield></record></collection>